@article{REF_Kim,
author = {Marriott, Kim and J. Stuckey, Peter},
title = {NP-Completeness of Minimal Width Unordered Tree Layout},
journaltitle = {Journal of Graph Algorithms ans Applications},
year = {2004},
OPTvolume = {8},
OPTnumber = {3},
OPTpages = {295-312},
OPTurl = {http://www.emis.de/journals/JGAA/accepted/2004/MarriottStuckey2004.8.3.pdf},
}

@article{REF_Knuth,
author = {Knuth, D. E.},
title = {Optimum binary search trees},
journaltitle = {Acta Informatica},
year = {1971},
OPTvolume = {1},
OPTissue = {1},
OPTpages = {14-25},
OPTurl = {http://wenku.baidu.com/view/a4feec5e312b3169a451a42f}
}

@article{REF_Wetherell,
author = {Wetherell, Charles and Shannon, Alfred},
title = {Tidy Drawing of Trees},
journaltitle = {IEEE Transactions on Software Enginering},
year = {1979},
OPTvolume = {5},
OPTissue = {5},
OPTmonth = {septembre},
OPTpages = {514-519},
OPTurl = {http://scholar.google.fr/scholar_url?hl=fr&q=http://poincare.matf.bg.ac.rs/~tijana/geometrija/seminarski/tree_drawing.pdf&sa=X&scisig=AAGBfm34LGKfBgU7qNXhH-xoqu4zpmbfdA&oi=scholarr&ei=QsZsU_j9OOnX0QWL24HwAw&ved=0CDAQgAMoATAA},
}

@article{REF_Tilford,
author = {Reingold, Edward M. and Tilford, John S.},
title = {Tidier Drawing of Trees},
journaltitle = {IEEE Transactions on Software Enginering},
OPTvolume = {7},
OPTissue = {2},
OPTmonth = {mars},
OPTpages = {223-227},
OPTurl = {http://scholar.google.fr/scholar_url?hl=fr&q=http://emr.cs.iit.edu/~reingold/tidier-drawings.pdf&sa=X&scisig=AAGBfm26weQoxIBL-KjosMM1a-_bR1Isnw&oi=scholarr&ei=QsZsU_j9OOnX0QWL24HwAw&ved=0CC8QgAMoADAA},
}

@inproceedings{REF_Buchheim,
author = {Buchheim, Christoph and JÃ¼nger, Michael and Leipert, Sebastian},
editor = {Goodrich, Michael T. and Kobourov, Stephen G.},
title = {Improving Walker's Algorithm to Run in Linear Time},
booktitle = {Graph Drawing},
year = {2002},
OPTurl = {http://dirk.jivas.de/papers/buchheim02improving.pdf}
}